@article{Portal2017,
	author    = {Portal, S. G. and Jaramillo, M. de J. M.},
	title     = {Diseño de un data warehouse para medir el desarrollo disciplinar en instituciones académicas},
	journal   = {Investigación Bibliotecológica},
	year      = {2017},
	volume    = {31},
	number    = {72},
	pages     = {16--45},
	url       = {https://www.scielo.org.mx/scielo.php?script=sci_arttext&pid=S0187-358X2017000200161}
}

@article{doutreligne2023,
	author    = {Doutreligne, Mathieu and Degremont, Antoine and Jachiet, Pierre-Antoine and Lamer, Antoine and Tannier, Xavier},
	title     = {Good practices for clinical data warehouse implementation: A case study in France},
	journal   = {PLOS Digital Health},
	year      = {2023},
	month     = {Jul 6},
	volume    = {2},
	number    = {7},
	pages     = {e0000298},
	doi       = {10.1371/journal.pdig.0000298},
	pmid      = {37410797},
	pmcid     = {PMC10325086},
	note      = {Erratum in: PLOS Digit Health. 2023 Sep 29;2(9):e0000369}
}

@book{kimball2013,
	author    = {Kimball, Ralph and Ross, Margy},
	title     = {The Data Warehouse Toolkit: The Definitive Guide to Dimensional Modeling},
	edition   = {3rd},
	year      = {2013},
	publisher = {Wiley}
}
@article{turcan2022,
	author    = {Turcan, G. and Peker, S.},
	title     = {A multidimensional data warehouse design to combat the health pandemics},
	journal   = {Journal of Data, Information and Management},
	year      = {2022},
	volume    = {4},
	number    = {3-4},
	pages     = {371--386},
	doi       = {10.1007/s42488-022-00082-6},
	note      = {Epub 2022 Dec 20, PMCID: PMC9763078}
}
