@misc{eICU2024,
	author       = {eICU Collaborative Research Database},
	title        = {eICU Collaborative Research Database},
	year         = 2024,
	url          = {https://eicu-crd.mit.edu/about/eicu/},
	note         = {Accessed: 2024-11-14},
	howpublished = {\url{https://eicu-crd.mit.edu/about/eicu/}},
}

@article{pekar2021epidemiology,
	title={Epidemiology of respiratory failure in the intensive care unit: A review},
	author={Pekar, Christopher and Gordan, Sven and Goligher, Ewan},
	journal={Critical Care},
	volume={25},
	number={1},
	pages={1--9},
	year={2021},
	publisher={BioMed Central},
	doi={10.1186/s13054-021-03772-y}
}